@inproceedings{neural-style,
  title={ Neural Algorithm of Artistic Style},
  author={Leon A. Gatys, Alexander S. Ecker, Matthias Bethge},
  year={2015}
}

@inproceedings{neural-style-torch,
  author = {Johnson, Justin},
  title = {neural-style},
  year = {2015},
  publisher = {GitHub},
  journal = {GitHub repository},
  howpublished = {\url{https://github.com/jcjohnson/neural-style}}
}
@misc{neural-style-caffe,
  author = {ftokarev},
  title = {caffe-neural-style},
  year = {2017},
  publisher = {GitHub},
  journal = {GitHub repository},
  howpublished = {\url{https://github.com/ftokarev/caffe-neural-style}}
}

@misc{neural-style-tensorflow,
  author = {Anish Athalye},
  title = {Neural Style},
  year = {2015},
  publisher = {GitHub},
  journal = {GitHub repository},
  howpublished = {\url{https://github.com/anishathalye/neural-style}}
}

@inproceedings{fast-neural-style,
  title={Perceptual losses for real-time style transfer and super-resolution},
  author={Johnson, Justin and Alahi, Alexandre and Fei-Fei, Li},
  booktitle={European Conference on Computer Vision},
  year={2016}
}
@misc{fast-neural-style-tensorflow,
  author = {hzy46},
  title = {fast-neural-style-tensorflow},
  publisher = {GitHub},
  journal = {GitHub repository}
  howpublished = {\url{https://github.com/hzy46/fast-neural-style-tensorflow}}
}
@misc{fast-neural-style-pytorch,
  author = {bhiskk},
  title = {fast-neural-style},
  publisher = {GitHub},
  journal = {GitHub repository},
  howpublished = {\url{https://github.com/abhiskk/fast-neural-style}}
}
