@misc{neural-style-torch,
  author = {Johnson, Justin},
  title = {neural-style},
  year = {2015},
  publisher = {GitHub},
  journal = {GitHub repository},
  howpublished = {\url{https://github.com/jcjohnson/neural-style}},
}
@misc{neural-style-tensorflow,
  author = {Anish Athalye},
  title = {Neural Style},
  year = {2015},
  howpublished = {\url{https://github.com/anishathalye/neural-style}},
  note = {commit xxxxxxx}
}
@inproceedings{fast-neural-style-torch,
  title={Perceptual losses for real-time style transfer and super-resolution},
  author={Johnson, Justin and Alahi, Alexandre and Fei-Fei, Li},
  booktitle={European Conference on Computer Vision},
  year={2016}
}
